@article{madry2019deep,
  title         = {Towards Deep Learning Models Resistant to Adversarial Attacks},
  author        = {Aleksander Madry and Aleksandar Makelov and Ludwig Schmidt and Dimitris Tsipras and Adrian Vladu},
  year          = {2019},
  eprint        = {1706.06083},
  archiveprefix = {arXiv},
  primaryclass  = {stat.ML}
}

@article{tramèr2020ensemble,
  title         = {Ensemble Adversarial Training: Attacks and Defenses},
  author        = {Florian Tramèr and Alexey Kurakin and Nicolas Papernot and Ian Goodfellow and Dan Boneh and Patrick McDaniel},
  year          = {2020},
  eprint        = {1705.07204},
  archiveprefix = {arXiv},
  primaryclass  = {stat.ML}
}